<?xml version="1.0" encoding="UTF-8"?><collection xmlns="http://www.loc.gov/MARC21/slim"><record><leader>00540nam--2200169-i-4500</leader><controlfield tag="001">000032627</controlfield><controlfield tag="002">20161230</controlfield><controlfield tag="005">20161230201039</controlfield><controlfield tag="008">060222s1000------------r-----000-0-eng-d</controlfield><datafield ind1=" " ind2=" " tag="040"><subfield code="a">IFIN-HH</subfield></datafield><datafield ind1=" " ind2=" " tag="080"><subfield code="a">53</subfield></datafield><datafield ind1="1" ind2=" " tag="100"><subfield code="a">Yakowitz, Sidney J</subfield></datafield><datafield ind1="1" ind2="0" tag="245"><subfield code="a">Modern analytic and computational methods in science and mathematics: vol.14: mathematics of adaptive control processes</subfield><subfield code="c">Sidney j. yakowitz</subfield></datafield><datafield ind1=" " ind2=" " tag="260"><subfield code="a">New York</subfield><subfield code="b">American Elsevier Publ.Comp., Inc</subfield><subfield code="c">1969</subfield></datafield><datafield ind1=" " ind2=" " tag="300"><subfield code="a">XV+158P</subfield></datafield><datafield ind1=" " ind2=" " tag="852"><subfield code="a">21146</subfield><subfield code="c">53.02</subfield></datafield><datafield ind1=" " ind2=" " tag="CAT"><subfield code="a">Sys</subfield><subfield code="c">20151020</subfield><subfield code="h">113356</subfield></datafield></record></collection>